<record><leader>00000cas a22000007a 4500</leader><controlfield tag="001">39234894</controlfield><controlfield tag="008">980605d19771978cauwr ne      0    0eng d</controlfield><datafield ind1=" " ind2=" " tag="010"><subfield code="a">sn 98061260 </subfield></datafield><datafield ind1=" " ind2=" " tag="040"><subfield code="a">CNK</subfield><subfield code="b">eng</subfield><subfield code="c">CNK</subfield><subfield code="d">OCLCQ</subfield><subfield code="d">OCLCF</subfield><subfield code="d">OCLCO</subfield></datafield><datafield ind1="1" ind2=" " tag="029"><subfield code="a">AU@</subfield><subfield code="b">000014018128</subfield></datafield><datafield ind1=" " ind2=" " tag="042"><subfield code="a">msc</subfield></datafield><datafield ind1=" " ind2=" " tag="043"><subfield code="a">n-us-ca</subfield></datafield><datafield ind1="0" ind2="0" tag="245"><subfield code="a">Valley pictorial &amp; news.</subfield></datafield><datafield ind1="3" ind2=" " tag="246"><subfield code="a">Valley pictorial and news</subfield></datafield><datafield ind1=" " ind2=" " tag="260"><subfield code="a">[Hemet, Calif.] :</subfield><subfield code="b">Helen R. Wilson</subfield></datafield><datafield ind1=" " ind2=" " tag="300"><subfield code="a">v.</subfield></datafield><datafield ind1=" " ind2=" " tag="310"><subfield code="a">Weekly</subfield></datafield><datafield ind1="0" ind2=" " tag="362"><subfield code="a">Mar. 30, 1977-v. 1, no. 43 (Jan. 18, 1978).</subfield></datafield><datafield ind1=" " ind2=" " tag="515"><subfield code="a">Vol. numbering begins with v. 1, no. 5, Apr. 27, 1977.</subfield></datafield><datafield ind1=" " ind2="0" tag="651"><subfield code="a">Anza (Calif.)</subfield><subfield code="v">Newspapers.</subfield></datafield><datafield ind1=" " ind2="0" tag="651"><subfield code="a">Hemet (Calif.)</subfield><subfield code="v">Newspapers.</subfield></datafield><datafield ind1=" " ind2="0" tag="651"><subfield code="a">San Jacinto (Calif.)</subfield><subfield code="v">Newspapers.</subfield></datafield><datafield ind1=" " ind2="7" tag="655"><subfield code="a">Newspapers.</subfield><subfield code="2">fast</subfield><subfield code="0">(OCoLC)fst01423814</subfield></datafield><datafield ind1=" " ind2="7" tag="651"><subfield code="a">California</subfield><subfield code="z">Anza.</subfield><subfield code="2">fast</subfield><subfield code="0">(OCoLC)fst01232296</subfield></datafield><datafield ind1=" " ind2="7" tag="651"><subfield code="a">California</subfield><subfield code="z">Hemet.</subfield><subfield code="2">fast</subfield><subfield code="0">(OCoLC)fst01214333</subfield></datafield><datafield ind1=" " ind2="7" tag="651"><subfield code="a">California</subfield><subfield code="z">San Jacinto.</subfield><subfield code="2">fast</subfield><subfield code="0">(OCoLC)fst01213990</subfield></datafield><datafield ind1=" " ind2=" " tag="752"><subfield code="a">United States</subfield><subfield code="b">California</subfield><subfield code="c">Riverside</subfield><subfield code="d">Hemet.</subfield></datafield><datafield ind1="0" ind2="0" tag="785"><subfield code="t">Valley news &amp; pictorial</subfield><subfield code="w">(DLC)sn 98061259</subfield></datafield></record>